ISA*00* *00* *30*454846258 *30*996324518 *220201*0203*^*00501*000000249*0*P*:*1*000000249
GS*RA*454846258*996324518*20220201*0203*100000249*X*005010X306
ST*820*0249*005010X306
BPR*I*70*C*ACH*CCP*******01*125000574*DA*8675309*20220201
TRN*3*QZRPMZ4599XMP
N1*PE*Prematron Health*FI*996324518
N1*RM*WAHBE*58*454846258
ENT*1
NM1*IL*1*Calrissian*Lando*B**C1*2698876
REF*38*224422WA0670001
REF*POL*46888999
RMR*ZZ*SMAND**125
DTM*582****RD8*20220201-20220228
ENT*2
NM1*IL*1*Deschanel*Clarissa*E**C1*432265
REF*38*224422WA0670005
REF*POL*55778111
RMR*ZZ*SMANDADJ**-55
DTM*582****RD8*20220201-20220228
SE*20*0249
GE*1*0203
IEA*1*000000249